% sve reference se trebaju nalaziti ovdje